@article{graphite2023,
  author = {Foster, Greg},
  title = {AI Won't Replace Human Code Review},
  journal = {Graphite Blog},
  year = {2023},
  url = {https://graphite.dev/blog/ai-wont-replace-human-code-review},
  urldate = {2025-04-25},
  date = {2023-05-18}, % Poznámka: Datum je odhadnuto, prosím ověřit
}

@article{zdrojak2022,
  author = {Knesl, Jiří},
  title = {Jak na code review},
  journal = {Zdrojak},
  year = {2022},
  url = {https://zdrojak.cz/clanky/jak-na-code-review/},
  urldate = {2025-04-25},
  date = {2022-11-10}, % Poznámka: Datum je odhadnuto, prosím ověřit
}

@misc{copilot2023,
  author = {GitHub},
  title = {GitHub Copilot: Your AI pair programmer},
  year = {2023},
  url = {https://github.com/features/copilot},
  urldate = {2025-04-25},
}

@misc{anthropic2025,
  author = {Anthropic},
  title = {Claude: AI assistant by Anthropic},
  year = {2025},
  url = {https://www.anthropic.com/claude},
  urldate = {2025-04-25},
}

@misc{chatgpt2023,
  author = {OpenAI},
  title = {ChatGPT: Optimizing Language Models for Dialogue},
  year = {2023},
  url = {https://openai.com/chatgpt},
  urldate = {2025-04-25},
}

@online{falcon2024devto,
  author    = {Falcon},
  title     = {How to Get Automatic Code Review Using LLM Before Committing},
  year      = {2024},
  date      = {2024-08-12},
  url       = {https://dev.to/docker/how-to-get-automatic-code-review-using-llm-before-committing-3nkj},
  urldate   = {2025-05-06},
  note      = {Příspěvek na blogu dev.to}
}

@article{bjerring2024automated,
  author = {Bjerring, Luke},
  title = {Automated code reviews with LLMs},
  journal = {The Craft by Faire},
  year = {2024},
  url = {https://craft.faire.com/automated-code-reviews-with-llms/},
  date = {2024-03-14}, % Poznámka: Datum je odhadnuto, prosím ověřit
  urldate = {2025-05-06}
}



